<?xml version="1.0" encoding="UTF-8"?>
<record xmlns="http://www.loc.gov/MARC21/slim" xmlns:xsi="http://www.w3.org/2001/XMLSchema-instance" xsi:schemaLocation="http://www.loc.gov/MARC21/slim http://www.loc.gov/standards/marcxml/schema/MARC21slim.xsd">
<leader>00000nam a2200409 a 4500</leader>
<controlfield tag="001">001937042</controlfield>
<controlfield tag="003">NNU</controlfield>
<controlfield tag="005">20140820165146.0</controlfield>
<controlfield tag="008">910619s1973    ir c     b    001 0 per d</controlfield>
<datafield tag="035" ind1="9" ind2=" ">
<subfield code="a">NYUb10881389</subfield>
</datafield>
<datafield tag="035" ind1=" " ind2=" ">
<subfield code="a">(CStRLIN)NYUG91-B37981</subfield>
</datafield>
<datafield tag="035" ind1=" " ind2=" ">
<subfield code="a">GLIS008813899</subfield>
</datafield>
<datafield tag="040" ind1=" " ind2=" ">
<subfield code="a">NNU</subfield>
<subfield code="c">NNU</subfield>
</datafield>
<datafield tag="041" ind1="0" ind2=" ">
<subfield code="a">arapereng</subfield>
</datafield>
<datafield tag="090" ind1=" " ind2=" ">
<subfield code="i">06/19/91 CT</subfield>
</datafield>
<datafield tag="100" ind1="1" ind2=" ">
<subfield code="a">Bīrūnī, Muḥammad ibn Aḥmad,</subfield>
<subfield code="d">973?-1048.</subfield>
</datafield>
<datafield tag="245" ind1="1" ind2="0">
<subfield code="a">Abū Rayḥān Bīrūnī va Ibn Sīnā :</subfield>
<subfield code="b">al-asʼilah wa-al-ajwibah : bih inz̤imām-i pāskhʹhā-yi darbārah-ʹi Abū Rayḥān va difāʻ-i Abū Saʻīd Maʻṣūmī az Ibn Sīnā /</subfield>
<subfield code="c">bih taṣḥīḥ va muqaddamah-ʹi Fārsī va Inglīsī Sayyid Ḥusayn Naṣr, Mahdī Muḥaqqiq.</subfield>
</datafield>
<datafield tag="260" ind1=" " ind2=" ">
<subfield code="a">[Tehran] :</subfield>
<subfield code="b">Shūrā-yi ʻĀlī-i Farhang va Hunar, Markaz-i Muṭālaʻāt va Hamāhangī-i Farhangī,</subfield>
<subfield code="c">1352 [1973]</subfield>
</datafield>
<datafield tag="300" ind1=" " ind2=" ">
<subfield code="a">12, 90, 14 p. :</subfield>
<subfield code="b">port. ;</subfield>
<subfield code="c">23 cm.</subfield>
</datafield>
<datafield tag="490" ind1="1" ind2=" ">
<subfield code="a">Shūrā-yi ʻĀlī-i Farhang va Hunar, Markaz-i Muṭālaʻāt va Hamāhangī-i Farhangī ;</subfield>
<subfield code="v">9</subfield>
</datafield>
<datafield tag="500" ind1=" " ind2=" ">
<subfield code="a">Title on p. [4] of cover: al-Biruni and Ibn Sina : al-asʼilah wa'l-ajwibah = questions and answers.</subfield>
</datafield>
<datafield tag="500" ind1=" " ind2=" ">
<subfield code="a">Text in Arabic; intro. in Persian and English.</subfield>
</datafield>
<datafield tag="504" ind1=" " ind2=" ">
<subfield code="a">Includes bibliographical references and index.</subfield>
</datafield>
<datafield tag="650" ind1=" " ind2="0">
<subfield code="a">Science</subfield>
<subfield code="z">Islamic countries</subfield>
<subfield code="v">Early works to 1800.</subfield>
</datafield>
<datafield tag="600" ind1="0" ind2="0">
<subfield code="a">Aristotle.</subfield>
<subfield code="t">De caelo.</subfield>
</datafield>
<datafield tag="700" ind1="1" ind2=" ">
<subfield code="a">Muḥaqqiq, Mahdī.</subfield>
</datafield>
<datafield tag="700" ind1="1" ind2=" ">
<subfield code="a">Nasr, Seyyed Hossein.</subfield>
</datafield>
<datafield tag="700" ind1="1" ind2=" ">
<subfield code="a">Maʻṣūmī, Aḥmad ibn ʻAlī,</subfield>
<subfield code="d">11th cent.</subfield>
<subfield code="t">Faqīh.</subfield>
</datafield>
<datafield tag="700" ind1="0" ind2=" ">
<subfield code="a">Avicenna,</subfield>
<subfield code="d">980-1037.</subfield>
</datafield>
<datafield tag="740" ind1="0" ind2=" ">
<subfield code="a">Questions and answers.</subfield>
</datafield>
<datafield tag="740" ind1="0" ind2=" ">
<subfield code="a">Asʼilah wa'l-ajwibah.</subfield>
</datafield>
<datafield tag="740" ind1="0" ind2=" ">
<subfield code="a">Biruni and Ibn Sina.</subfield>
</datafield>
<datafield tag="740" ind1="0" ind2=" ">
<subfield code="a">Asʼilah wa-al-ajwibah.</subfield>
</datafield>
<datafield tag="830" ind1=" " ind2="0">
<subfield code="a">Shūrā-yi ʻĀlī-i Farhang va Hunar (Iran).</subfield>
<subfield code="p">Markaz-i Muṭālaʻāt va Hamāhangī-i Farhangī (Series) ;</subfield>
<subfield code="v">9.</subfield>
</datafield>
<datafield tag="OWN" ind1=" " ind2=" ">
<subfield code="a">GENERAL</subfield>
</datafield>
<datafield tag="950" ind1=" " ind2=" ">
<subfield code="l">BMAIN</subfield>
<subfield code="a">Q143.B5</subfield>
<subfield code="b">A85 1973</subfield>
<subfield code="i">06/19/91 C</subfield>
</datafield>
<datafield tag="955" ind1=" " ind2=" ">
<subfield code="l">BMAIN</subfield>
<subfield code="c">2</subfield>
<subfield code="r">015365383</subfield>
<subfield code="i">06/19/91 C</subfield>
</datafield>
<datafield tag="955" ind1=" " ind2=" ">
<subfield code="l">BMAIN</subfield>
<subfield code="c">1</subfield>
<subfield code="r">015365623</subfield>
<subfield code="i">06/19/91 C</subfield>
</datafield>
<datafield tag="998" ind1=" " ind2=" ">
<subfield code="a">06/19/91</subfield>
<subfield code="t">c</subfield>
<subfield code="s">9114</subfield>
<subfield code="n">NNU</subfield>
<subfield code="d">06/19/91</subfield>
<subfield code="c">MG</subfield>
<subfield code="b">MG</subfield>
<subfield code="i">910619</subfield>
<subfield code="l">NYUG</subfield>
</datafield>
<datafield tag="AVA" ind1=" " ind2=" ">
<subfield code="a">NYU50</subfield>
<subfield code="b">BOBST</subfield>
<subfield code="c">Main Collection</subfield>
<subfield code="d">Q143.B5 A85 1973</subfield>
<subfield code="e">unavailable</subfield>
<subfield code="t">Unavailable</subfield>
<subfield code="f">1</subfield>
<subfield code="g">1</subfield>
<subfield code="h">N</subfield>
<subfield code="i">0</subfield>
<subfield code="j">MAIN</subfield>
<subfield code="k">0</subfield>
</datafield>
</record>
